<?xml version="1.0" encoding="UTF-8"?><collection xmlns="http://www.loc.gov/MARC21/slim"><record><leader>00392nam--2200145-i-4500</leader><controlfield tag="001">000032674</controlfield><controlfield tag="002">20161230</controlfield><controlfield tag="005">20161230201039</controlfield><controlfield tag="008">060222s1000------------r-----000-0-eng-d</controlfield><datafield ind1=" " ind2=" " tag="040"><subfield code="a">IFIN-HH</subfield></datafield><datafield ind1=" " ind2=" " tag="100"><subfield code="a">Goodwin,E.T</subfield></datafield><datafield ind1=" " ind2=" " tag="245"><subfield code="a">Modern computing methods. second edition</subfield></datafield><datafield ind1=" " ind2=" " tag="260"><subfield code="a">NEW YORK, PHILOSOPHICAL LIBRARY, 1961, VI + 170 p</subfield></datafield><datafield ind1=" " ind2=" " tag="852"><subfield code="a">17100</subfield><subfield code="c">518.12</subfield></datafield><datafield ind1=" " ind2=" " tag="CAT"><subfield code="a">Sys</subfield><subfield code="c">20090630</subfield><subfield code="h">092611</subfield></datafield></record></collection>